@article{Bao1999,
    author = {Bao, Jianmin and Ding, Yiming and Hu, Haifeng},
    file = {:Users/louisccc/Dropbox/louis/papers/wukong/A\_New\_Service\_Selection\_Algorithm\_in\_USPIOT  .pdf:pdf},
    isbn = {1467300896},
    keywords = {artificial neural network,service,uspiot},
    mendeley-groups = {Wu-Kong-Sensor-selection},
    number = {1},
    pages = {6--10},
    title = {{A New Service Selection Algorithm in USPIOT Nanjing University of Posts and Telecommunications}},
    year = {1999}
}

@article{Perera,
archivePrefix = {arXiv},
arxivId = {arXiv:1309.3618v1},
author = {Perera, Charith and Member, Student and Member, Arkady Zaslavsky and Harold, Chi and Member, Liu and Compton, Michael and Christen, Peter and Member, Dimitrios Georgakopoulos},
eprint = {arXiv:1309.3618v1},
file = {:Users/louisccc/Dropbox/louis/papers/wukong/Sensor\_Search\_Techniques\_for\_Sensing\_as\_a\_Service\_Architecture\_for\_The\_Internet\_of\_Things.pdf:pdf},
mendeley-groups = {Wu-Kong-Sensor-selection},
number = {Xx},
pages = {1--15},
title = {{Sensor Search Techniques for Sensing as a Service Architecture for The Internet of Things}},
volume = {XX}
}
