@article{Bao1999,
    author = {Bao, Jianmin and Ding, Yiming and Hu, Haifeng},
    isbn = {1467300896},
    keywords = {artificial neural network,service,uspiot},
    number = {1},
    pages = {6--10},
    title = {{A New Service Selection Algorithm in USPIOT Nanjing University of Posts and Telecommunications}},
    year = {1999}
}

@article{Perera,
	archivePrefix = {arXiv},
	arxivId = {arXiv:1309.3618v1},
	author = {Perera, Charith and Member, Student and Member, Arkady Zaslavsky and Harold, Chi and Member, Liu and Compton, Michael and Christen, Peter and Member, Dimitrios Georgakopoulos},
	eprint = {arXiv:1309.3618v1},
	.number = {Xx},
	pages = {1--15},
	title = {{Sensor Search Techniques for Sensing as a Service Architecture for The Internet of Things}},
	.volume = {XX}
}

@article{Perera2014,
	author = {Perera, Charith and Zaslavsky, Arkady and Christen, Peter and Georgakopoulos, Dimitrios},
	pages = {1--12},
	title = {{Sensing as a Service Model for Smart Cities Supported by Internet of Things}},
	year = {2014}
}

@article{Perera2013,
	author = {Perera , Charith and Zaslavsky, Arkady and Christen, Peter and Georgakopoulos, Dimitrios},
	keywords = {-internet of things,archi-,context awareness,context discovery and reasoning,middleware,semantic technology,sensing-as-a-service,sensor networks,tecture},
	title = {{CA4IOT: Context Awareness for Internet of Things}},
	year = {2013}
}



@article{Wang2008,
	author = {Wang, Miao-miao},
	keywords = {middleware,pervasive computing,wireless sensor network},
	number = {2006},
	pages = {305--326},
	title = {{Middleware for Wireless Sensor Networks : A Survey}},
	volume = {23},
	year = {2008}
}

@article{Liu2013,
	author = {Liu, Jin and Chen, Yuxi and Chen, Xu and Ding, Jianli and Chowdhury, Kaushik Roy and Hu, Qiping and Wang, Shenling},
	doi = {10.7305/automatika.54-4.417},
	issn = {1848-3380},
	journal = {Automatika ‒ Journal for Control, Measurement, Electronics, Computing and Communications},
	keywords = {cnih kao i identificirati,cooperative evolution,interneta stvari,iot service composition,kako bi se automa-,kooperativna evolucija za kvalitetno,nu\v{z}no je rezlikovati bitne,potrebne usluge,pru\v{z}anje usluga u paradigmi,quality of service,stvati,tizirali procesi u internetu,usluge u moru sliˇ},
	month = dec,
	number = {4},
	pages = {438--447},
	title = {{A Cooperative Evolution for QoS-driven IOT Service Composition}},
	volume = {54},
	year = {2013}
}
@article{Yu2005,
	author = {Yu, Tao and Lin, Kwei-Jay},
	doi = {10.1007/s10257-005-0052-z},
	issn = {1617-9846},
	journal = {Information Systems and e-Business Management},
	keywords = {broker \ae service compostion,selection \ae end-to-end constraint,web service \ae qos,\ae service},
	month = jul,
	number = {2},
	pages = {103--126},
	title = {{Service selection algorithms for Web services with end-to-end QoS constraints}},
	volume = {3},
	year = {2005}
}

@inproceedings{Huang2009,
	author = {Huang, Zhenqiu and Jiang, Wei and Hu, Songlin and Liu, Zhiyong},
	booktitle = {2009 IEEE Conference on Commerce and Enterprise Computing},
	doi = {10.1109/CEC.2009.41},
	isbn = {978-0-7695-3755-9},
	keywords = {Artificial intelligence,Business,Computer industry,Delay,Dynamic programming,Filtering algorithms,Matched filters,Process planning,QoS,Throughput,Web service,Web services,Yarn,automatic service composition,backward search,forward filtering algorithm,modified dynamic programming approach,pruning,pruning algorithm,quality of service,semantic description,service composition,syntactic composition},
	month = jul,
	pages = {519--522},
	publisher = {IEEE},
	shorttitle = {Commerce and Enterprise Computing, 2009. CEC '09. },
	title = {{Effective Pruning Algorithm for QoS-Aware Service Composition}},
	year = {2009}
}




@article{Teixeira2013,
	author = {Teixeira, Thiago and Hachem, Sara and Georgantas, Nikolaos},
	number = {257178},
	pages = {220--229},
	title = {{Service Oriented Middleware for the Internet of Things : ( Invited Paper )}},
	volume = {257178},
	year = {2013}
}

@book{Sundmaeker2010,
	author = {Sundmaeker, Harald and Saint-exup\'{e}ry, Antoine De},
	isbn = {9789279150883},
	number = {March},
	title = {{Vision and Challenges for Realising the Internet of Things}},
	year = {2010}
}

@inproceedings{Hughes,
	author = {Hughes, Danny and Thoelen, Klaas and Horr{\'e}, Wouter and Matthys, Nelson and Cid, Javier Del and Michiels, Sam and Huygens, Christophe and Joosen, Wouter},
	title = {LooCI: A Loosely-coupled Component Infrastructure for Networked Embedded Systems},
	booktitle = {Proceedings of the 7th International Conference on Advances in Mobile Computing and Multimedia},
	series = {MoMM '09},
	year = {2009},
	isbn = {978-1-60558-659-5},
	.location = {Kuala Lumpur, Malaysia},
	pages = {195--203},
	numpages = {9},
	.url = {http://doi.acm.org/10.1145/1821748.1821787},
	.doi = {10.1145/1821748.1821787},
	acmid = {1821787},
	.publisher = {ACM},
	.address = {New York, NY, USA},
	keywords = {binding models, component models, publish-subscribe, wireless sensor networks},
} 
@article{Fok,
	author = {Fok, Chien-liang and Roman, Gruia-catalin and Lu, Chenyang and Louis, Saint},
	title = {{Rapid Development and Flexible Deployment of Adaptive Wireless Sensor Network Applications}}
}

@article{Barr2002,
	author = {Barr, Rimon and Bicket, John C. and Dantas, Daniel S. and Du, Bowei and Kim, T. W. Danny and Zhou, Bing and Sirer, Emin G\"{u}n},
	doi = {10.1145/509526.509528},
	issn = {01635980},
	journal = {ACM SIGOPS Operating Systems Review},
	month = apr,
	number = {2},
	pages = {1--5},
	title = {{On the need for system-level support for ad hoc and sensor networks}},
	volume = {36},
	year = {2002}
}

@article{Lin2013,
	author = {Lin, Kwei-Jay and Reijers, Neils and Wang, Yu-Chung and Shih, Chi-Sheng and Hsu, Jane Y.},
	doi = {10.1109/GreenCom-iThings-CPSCom.2013.204},
	isbn = {978-0-7695-5046-6},
	journal = {2013 IEEE International Conference on Green Computing and Communications and IEEE Internet of Things and IEEE Cyber, Physical and Social Computing},
	keywords = {- wireless sensor networks,configuration,machine-to-machine,middleware,profile,virtual machine},
	month = aug,
	pages = {1175--1180},
	publisher = {Ieee},
	title = {{Building Smart M2M Applications Using the WuKong Profile Framework}},
	year = {2013}
}





